<record xmlns:xsi="http://www.w3.org/2001/XMLSchema-instance" xmlns="http://www.loc.gov/MARC21/slim" xsi:schemaLocation="http://www.loc.gov/MARC21/slim http://www.loc.gov/standards/marcxml/schema/MARC21slim.xsd">

  <leader>00943nam a2200265Ia 4500</leader>
  <datafield tag="999" ind1=" " ind2=" ">
    <subfield code="c">2046</subfield>
    <subfield code="d">2046</subfield>
  </datafield>
  <controlfield tag="008">180904b        cr ||||| |||| 00| | spa d</controlfield>
  <datafield ind1=" " ind2=" " tag="090">
    <subfield code="a">09.05.08 </subfield>
    <subfield code="b">1431</subfield>
  </datafield>
  <datafield ind1=" " ind2=" " tag="110">
    <subfield code="a">Universidad de Costa Rica</subfield>
    <subfield code="9">585</subfield>
  </datafield>
  <datafield tag="245" ind1="1" ind2="0">
    <subfield code="a">Roces Constitucionales del Tratado de Libre Comercio entre República Dominicana, Centroamérica y Estados Unidos/Universidad de Costa Rica / </subfield>
    <subfield code="c">Universidad de Costa Rica</subfield>
  </datafield>
  <datafield ind1=" " ind2=" " tag="260">
    <subfield code="a">San José, Costa Rica : </subfield>
    <subfield code="b">UCR, </subfield>
    <subfield code="c">[Fecha de publicación no identificado]</subfield>
  </datafield>
  <datafield ind1=" " ind2=" " tag="300">
    <subfield code="a">53 páginas</subfield>
  </datafield>
  <datafield ind1="1" ind2="4" tag="650">
    <subfield code="a">TRATADO DE LIBRE COMERCIO </subfield>
    <subfield code="9">2810</subfield>
  </datafield>
  <datafield tag="650" ind1="1" ind2="4">
    <subfield code="a">ESTADO</subfield>
    <subfield code="9">17</subfield>
  </datafield>
  <datafield tag="650" ind1="1" ind2="4">
    <subfield code="a">SALUD</subfield>
    <subfield code="9">268</subfield>
  </datafield>
  <datafield tag="650" ind2="4" ind1="1">
    <subfield code="a">LEGISLACIÓN DEL TRABAJO</subfield>
    <subfield code="9">1365</subfield>
  </datafield>
  <datafield tag="650" ind2="4" ind1="1">
    <subfield code="a">TELECOMUNICACIONES</subfield>
    <subfield code="9">2862</subfield>
  </datafield>
  <datafield ind1="1" ind2="4" tag="650">
    <subfield code="a">AGRICULTURA</subfield>
    <subfield code="9">2541</subfield>
  </datafield>
  <datafield tag="650" ind1="1" ind2="4">
    <subfield code="a">MERCADOS</subfield>
  </datafield>
  <datafield ind1="1" ind2="4" tag="650">
    <subfield code="a">SEGUROS</subfield>
    <subfield code="9">3124</subfield>
  </datafield>
  <datafield ind1="1" ind2="4" tag="650">
    <subfield code="a">MEDIO AMBIENTE</subfield>
    <subfield code="9">792</subfield>
  </datafield>
  <datafield ind1=" " ind2="4" tag="651">
    <subfield code="a">AMÉRICA CENTRAL</subfield>
    <subfield code="9">457</subfield>
  </datafield>
  <datafield tag="651" ind1=" " ind2="4">
    <subfield code="a">REPÚBLICA DOMINICANA</subfield>
    <subfield code="9">458</subfield>
  </datafield>
  <datafield tag="651" ind1=" " ind2="4">
    <subfield code="a">ESTADOS UNIDOS</subfield>
    <subfield code="9">372</subfield>
  </datafield>
  <datafield ind1=" " ind2=" " tag="942">
    <subfield code="2">z</subfield>
    <subfield code="c">01</subfield>
  </datafield>
</record>